@misc{www:wzab,
	author = {{Dr inż. Wojciech Zabołotny}},
	organization = {{Politechnika Warszawska}},
	title = {{Poradnik konfiguracji \emph{Buildroot'a} do pracy z \emph{RaspberryPi}}},
	howpublished = "\url{http://wzab.cba.pl/LINSW/poradnik_laboratorium.pdf}"
}
