@online{www:archudev,
	organization = "ArchLinux",
	title = "ArchLinux Wikipedia",
	url = "https://wiki.archlinux.org/index.php/udev",
	urldate = "2016-03-24"
}
