@misc{www:wzab,
	author = {Dr inż. Wojciech Zabołotny},
	organization = {Politechnika Warszawska},
	title = {{Poradnik konfiguracji Buildroot'a do pracy z Raspberry Pi}},
	howpublished = "\url{http://wzab.cba.pl/LINSW/poradnik_laboratorium.pdf}"
}

@misc{www:makeuser-syntax,
	organization = {Buildroot},
	title = {{Makeuser syntax description}},
	howpublished = "\url{https://buildroot.org/downloads/manual/manual.html#makeuser-syntax}"
}

@misc{www:arch-udev,
	organization = {ArchLinux},
	title = {{ArchLinux Wikipedia -- udev}},
	howpublished = "\url{https://wiki.archlinux.org/index.php/udev}"
}
