@misc{www:wzab,
	author = {Dr inż. Wojciech Zabołotny},
	organization = {Politechnika Warszawska},
	title = {{Poradnik konfiguracji Buildroot'a do pracy z Raspberry Pi}},
	howpublished = "\url{http://wzab.cba.pl/LINSW/poradnik_laboratorium.pdf}"
},
@misc{www:code,
	author = {RidgeRun},
	organization = {RidgeRun},
	title = {{Kod źródłowy \texttt{Gpio-int-test.c} obsługi interfejsu GPIO}},
	howpublished = "\url{https://developer.ridgerun.com/wiki/index.php/Gpio-int-test.c}"
},
@misc{www:elinux_gpio,
	author = {eLinux},
	organization = {eLinux},
	title = {{RPi Low-level peripherals}},
	howpublished = "\url{http://elinux.org/RPi_Low-level_peripherals#C}"
},
@misc{www:gpio_benchmark,
	author = {Joonas Pihlajamaa},
	organization = {codeandlife.com},
	title = {{Benchmarking Raspberry Pi GPIO Speed}},
	howpublished = "\url{http://codeandlife.com/2012/07/03/benchmarking-raspberry-pi-gpio-speed/}"
}
