@misc{www:wzab,
	author = {Dr inż. Wojciech Zabołotny},
	organization = {Politechnika Warszawska},
	title = {{Poradnik konfiguracji Buildroot'a do pracy z Raspberry Pi}},
	howpublished = "\url{http://wzab.cba.pl/LINSW/poradnik_laboratorium.pdf}"
}
